@misc{Well13a,
  title = {Unit Tests},
  author = {Don Wells},
  howpublished = {\url{http://www.extremeprogramming.org/rules/unittests.html}},
  note = {Accessed: 2015-11-18}
}

@inproceedings{Saff03b,
	Author = {David Saff and Michael D. Ernst},
	Booktitle = {Fourteenth International Symposium on Software Reliability Engineering ISSRE 2003},
	Keywords = {continuous testing},
	Month = nov,
	Organization = {IEEE},
	Title = {Reducing wasted development time via continuous testing},
	Year = {2003}}